@book{VDEARN4120, 
	author = {{VDE Verband der Elektrotechnik Elektronik Informationstechnik e. V.}},
	title = {VDE-AR-N 4120:2018-11 Technische Regeln f√ºr den Anschluss von Kundenanlagen an das Hochspannungsnetz und deren Betrieb (TAR Hochspannung)},
	year = {2018},
	address = {Berlin},
	publisher = {VDE VERLAG GMBH}
}


@book{1/3PWMPFC,
	author = {{David Menzi, Dominik Bortis and Johann W. Kolar}},
	title = {Three-Phase Two-Phase-Clamped Boost-Buck Unity Power Factor Rectifier Employing Novel Variable DC Link Voltage Input Current Control},
	year = {2018},
	address = {Zurich},
	publisher = {IEEE}
}

@book{HydrogenRectifier,
	author = {{Zhiyu Cao and Peter Wallmeier}},
	title = {High-Power Rectifier Technologies for Hydrogen Electrolysis},
	year = {2023},
	address = {Warstein},
	publisher = {IEEE}
}



@book{InstituteofElectricalandElectronicsEngineers.2007,
	author = {{Callaway J. Cass, Rolando Burgos, Fred Wang and Dushan Boroyevich}},
	year = {2007},
	title = {Three-Phase Ac Buck Rectifier using Normally-On SiC JFETs at 150 kHz Switching Frequency: PESC 07] ; Orlando, Florida, 17 - 21 June 2007},
	address = {Piscataway, NJ},
	publisher = {{IEEE Service Center}},
	isbn = {1424406544},
	institution = {{Institute of Electrical and Electronics Engineers} and {IEEE Power Electronics Society}},
}

% This file was created with Citavi 6.11.0.0

@article{IAFcontrol,
	abstract = {2012 Twenty-Seventh Annual IEEE Applied Power Electronics Conference and Exposition (APEC);2012; ; ;10.1109/APEC.2012.6166190},
	author = {Soeiro, T. and Friedli, T. and Kolar, J. W.},
	title = {Three-phase high power factor mains interface concepts for Electric Vehicle battery charging systems},
	pages = {2603--2610},
	doi = {10.1109/APEC.2012.6166190},
	file = {Three-phase{\_}high{\_}power{\_}factor{\_}mains{\_}interface{\_}concepts{\_}for{\_}Electric{\_}Vehicle{\_}battery{\_}charging{\_}systems:Attachments/Three-phase{\_}high{\_}power{\_}factor{\_}mains{\_}interface{\_}concepts{\_}for{\_}Electric{\_}Vehicle{\_}battery{\_}charging{\_}systems.pdf:application/pdf}
}







